<record><leader>00000cas a2200000 a 4500</leader><controlfield tag="001">12268183</controlfield><controlfield tag="008">850716d18751942ksuwr ne      0   a0eng d</controlfield><datafield ind1=" " ind2=" " tag="010"><subfield code="a">sn 85029454 </subfield></datafield><datafield ind1=" " ind2=" " tag="040"><subfield code="a">KSH</subfield><subfield code="b">eng</subfield><subfield code="c">KSH</subfield><subfield code="d">NPT</subfield><subfield code="d">NSD</subfield><subfield code="d">OCL</subfield><subfield code="d">OCLCQ</subfield></datafield><datafield ind1=" " ind2=" " tag="042"><subfield code="a">msc</subfield></datafield><datafield ind1="0" ind2=" " tag="130"><subfield code="a">Osborne County farmer (Osborne, Kan. : 1876)</subfield></datafield><datafield ind1="1" ind2="0" tag="245"><subfield code="a">Osborne County farmer.</subfield></datafield><datafield ind1="1" ind2="3" tag="246"><subfield code="a">Osborne County farmer and journal</subfield><subfield code="b">Jan. 8-22, 1890</subfield></datafield><datafield ind1=" " ind2=" " tag="260"><subfield code="a">Osborne, Kan. :</subfield><subfield code="b">[F.H. Barnhart],</subfield><subfield code="c">-1942.</subfield></datafield><datafield ind1=" " ind2=" " tag="300"><subfield code="a">v. :</subfield><subfield code="b">ill. ;</subfield><subfield code="c">51-69 cm.</subfield></datafield><datafield ind1=" " ind2=" " tag="310"><subfield code="a">Weekly</subfield></datafield><datafield ind1="0" ind2=" " tag="362"><subfield code="a">-v. 68, no. 50 (Oct. 29, 1942).</subfield></datafield><datafield ind1="1" ind2=" " tag="362"><subfield code="a">Began in 1875.</subfield><subfield code="z">Cf. Ayer, 1875.</subfield></datafield><datafield ind1=" " ind2=" " tag="500"><subfield code="a">Publisher varies.</subfield></datafield><datafield ind1=" " ind2=" " tag="500"><subfield code="a">Published daily during the county fair as: Daily Osborne County farmer, Sept. 18-20, 1878.</subfield></datafield><datafield ind1=" " ind2=" " tag="525"><subfield code="a">Includes supplements.</subfield></datafield><datafield ind1=" " ind2=" " tag="588"><subfield code="a">Description based on: Vol. 1, no. 52 (Jan. 14, 1876).</subfield></datafield><datafield ind1=" " ind2=" " tag="752"><subfield code="a">United States</subfield><subfield code="b">Kansas</subfield><subfield code="c">Osborne</subfield><subfield code="d">Osborne.</subfield></datafield><datafield ind1="0" ind2="5" tag="780"><subfield code="t">Osborne County journal</subfield><subfield code="g">Jan. 8, 1890</subfield><subfield code="w">(DLC)sn 85029447</subfield></datafield><datafield ind1="0" ind2="5" tag="780"><subfield code="t">Osborne County news</subfield><subfield code="g">Apr. 15, 1920</subfield><subfield code="w">(DLC)sn 85029455</subfield></datafield><datafield ind1="0" ind2="7" tag="785"><subfield code="t">Empire-journal</subfield><subfield code="w">(DLC)sn 85029537</subfield></datafield><datafield ind1="0" ind2="7" tag="785"><subfield code="t">Osborne farmer-journal</subfield><subfield code="w">(DLC)sn 85029453</subfield></datafield></record>